[gd_scene load_steps=16 format=3 uid="uid://b7s7f615oh6fd"]

[ext_resource type="Script" path="res://plugins/minigames/boat_rally/bomb.gd" id="1"]
[ext_resource type="Texture2D" uid="uid://cevmj1aliifed" path="res://assets/textures/hit_indicator.png" id="2"]
[ext_resource type="ArrayMesh" uid="uid://d10pklv3b33kx" path="res://assets/models/Bomb/Bomb.obj" id="3"]
[ext_resource type="Texture2D" uid="uid://lilqyrh3100n" path="res://assets/models/Bomb/materials/Diffuse.png" id="4"]
[ext_resource type="Texture2D" uid="uid://c0pb3bb6gu3s" path="res://assets/models/Bomb/materials/Diffuse_AO.png" id="5"]
[ext_resource type="Texture2D" uid="uid://cnl0h88pfelw4" path="res://assets/models/Bomb/materials/Diffuse_Normal.png" id="6"]
[ext_resource type="Texture2D" uid="uid://d3k8b86i7iqs8" path="res://assets/models/Bomb/materials/Diffuse_Roughness.png" id="7"]

[sub_resource type="SphereShape3D" id="1"]
radius = 1.5

[sub_resource type="StandardMaterial3D" id="2"]
resource_local_to_scene = true
transparency = 1
no_depth_test = true
albedo_color = Color(1, 1, 1, 0)
albedo_texture = ExtResource("2")

[sub_resource type="StandardMaterial3D" id="StandardMaterial3D_7lnx0"]
diffuse_mode = 3
specular_mode = 1
albedo_texture = ExtResource("4")
roughness_texture = ExtResource("7")
normal_enabled = true
normal_texture = ExtResource("6")
ao_enabled = true
ao_texture = ExtResource("5")

[sub_resource type="Curve" id="4"]
_data = [Vector2(0.00320482, 1), 0.0, 0.0, 0, 0, Vector2(0.996795, 0), -3.93792, 0.0, 0, 0]
point_count = 2

[sub_resource type="CurveTexture" id="5"]
curve = SubResource("4")

[sub_resource type="ParticleProcessMaterial" id="6"]
spread = 180.0
initial_velocity_min = 15.0
initial_velocity_max = 20.0
gravity = Vector3(0, 0, 0)
scale_min = 0.0
scale_max = 0.75
scale_curve = SubResource("5")
color = Color(1, 0, 0, 1)

[sub_resource type="StandardMaterial3D" id="7"]
vertex_color_use_as_albedo = true

[sub_resource type="BoxMesh" id="8"]
material = SubResource("7")
size = Vector3(0.5, 0.5, 0.5)

[node name="Bomb" type="Area3D" groups=["bomb"]]
transform = Transform3D(0.25, 0, 0, 0, 0.25, 0, 0, 0, 0.25, 0, 0, 0)
script = ExtResource("1")

[node name="CollisionShape3D" type="CollisionShape3D" parent="."]
transform = Transform3D(1, 0, 0, 0, 1, 0, 0, 0, 1, 0, 1.5, 0)
shape = SubResource("1")

[node name="Sprite3D" type="Sprite3D" parent="."]
transform = Transform3D(1, 0, 0, 0, 1, 0, 0, 0, 1, 0, 0.5, 0)
material_override = SubResource("2")
axis = 1
texture = ExtResource("2")

[node name="Mesh" type="MeshInstance3D" parent="."]
transform = Transform3D(1, 0, 0, 0, 1, 0, 0, 0, 1, 0, 2.25, 0)
mesh = ExtResource("3")
surface_material_override/0 = SubResource("StandardMaterial3D_7lnx0")
surface_material_override/1 = SubResource("StandardMaterial3D_7lnx0")

[node name="Particles" type="GPUParticles3D" parent="."]
process_mode = 3
emitting = false
amount = 200
lifetime = 0.5
one_shot = true
explosiveness = 1.0
process_material = SubResource("6")
draw_pass_1 = SubResource("8")

[connection signal="body_entered" from="." to="." method="_on_Bomb_body_entered"]
