[gd_scene load_steps=12 format=3 uid="uid://cy4kcp2m25mc3"]

[ext_resource type="Script" path="res://plugins/minigames/kernel_compiling/player_kernel_compiling.gd" id="1"]
[ext_resource type="PackedScene" uid="uid://dhrfbt7i1omqm" path="res://plugins/minigames/kernel_compiling/screen/screen.glb" id="2"]
[ext_resource type="PackedScene" uid="uid://vkituo8tc8rf" path="res://plugins/minigames/kernel_compiling/screen/progress.glb" id="3"]
[ext_resource type="PackedScene" uid="uid://bcadvinwdsw4t" path="res://common/scenes/control_view/control_view.tscn" id="4"]
[ext_resource type="Texture2D" uid="uid://c0aubkywn5qqe" path="res://plugins/minigames/kernel_compiling/screen/fill.png" id="5"]
[ext_resource type="PackedScene" uid="uid://63eyuhalcjvd" path="res://plugins/minigames/kernel_compiling/screen/laptop.glb" id="6"]
[ext_resource type="Texture2D" uid="uid://b48624aiklp0o" path="res://assets/textures/wrong.png" id="8"]
[ext_resource type="AudioStream" uid="uid://deymll0vpnxxv" path="res://assets/sounds/correct.wav" id="9"]
[ext_resource type="AudioStream" uid="uid://ccrr8rb5aflkc" path="res://assets/sounds/wrong.wav" id="10"]
[ext_resource type="Shader" path="res://plugins/minigames/kernel_compiling/screen/progress.gdshader" id="11"]

[sub_resource type="ShaderMaterial" id="2"]
resource_local_to_scene = true
render_priority = 0
shader = ExtResource("11")
shader_parameter/percentage = 0.0
shader_parameter/full_tex = ExtResource("5")

[node name="Player" type="Node3D" groups=["players"]]
script = ExtResource("1")

[node name="Model" type="Node3D" parent="."]
transform = Transform3D(1, 0, 0, 0, 1, 0, 0, 0, 1, 0, 0.5, 0)

[node name="laptop" parent="." instance=ExtResource("6")]
transform = Transform3D(-0.25, 0, -8.14603e-08, 0, 0.25, 0, 8.14603e-08, 0, -0.25, 0, 0.75, 0.5)

[node name="PenaltyTimer" type="Timer" parent="."]
wait_time = 0.25
one_shot = true

[node name="Screen" parent="." instance=ExtResource("2")]
transform = Transform3D(-4.07302e-08, 0, -0.25, 0, 0.25, 0, 0.25, 0, -4.07302e-08, 0, 0.4, 1.5)

[node name="ControlView" parent="Screen" instance=ExtResource("4")]
transform = Transform3D(-1.22191e-07, 0.75, -3.27835e-08, 0, -3.27835e-08, -0.75, -0.75, -1.22191e-07, 5.34112e-15, 1, 0, -1.62921e-07)

[node name="PenaltySplash" type="Sprite3D" parent="Screen"]
transform = Transform3D(1, 0, 0, 0, 1, 0, 0, 0, 1, 1.01355, 0, -1.65129e-07)
visible = false
pixel_size = 0.0025
axis = 0
texture = ExtResource("8")

[node name="Progress" parent="." instance=ExtResource("3")]
transform = Transform3D(0.25, 0, 0, 0, 0.25, 0, 0, 0, 0.25, 0, 0.25, 1.5)

[node name="Sprite3D" type="Sprite3D" parent="Progress"]
transform = Transform3D(1, 0, 0, 0, 1, 0, 0, 0, 1, 0, -0.681683, 0.973398)
material_override = SubResource("2")
pixel_size = 0.0035
texture = ExtResource("5")

[node name="Scene Root" parent="."]
transform = Transform3D(1, 0, 0, 0, 1, 0, 0, 0, 1, 0, 0, -0.25)

[node name="Correct" type="AudioStreamPlayer3D" parent="."]
transform = Transform3D(1, 0, 0, 0, 1, 0, 0, 0, 1, 0, 0.33427, 2.12064)
stream = ExtResource("9")
volume_db = 10.0
bus = &"Effects"

[node name="Wrong" type="AudioStreamPlayer3D" parent="."]
transform = Transform3D(1, 0, 0, 0, 1, 0, 0, 0, 1, 0, 0.33427, 2.12064)
stream = ExtResource("10")
volume_db = 20.0
bus = &"Effects"

[connection signal="timeout" from="PenaltyTimer" to="." method="_on_PenaltyTimer_timeout"]
